@misc{REPO,
    author="Alejandro Gorgues, Javier Junquera",
    title={{Syntax-CRA}},
    year="2016",
    howpublished="\url{https://github.com/junquera/Syntax-CRA}"
}

@misc{LVB,
    author="WordReference",
    title={{large-vs-big}},
    year="2007",
    howpublished="\url{http://forum.wordreference.com/threads/large-vs-big.675207}"
}
